@COMMENT{
	tipos de entradas mais comuns = {},
	article = {artigo em periódico},
	book = {livro},
	online = {recurso online ou página web},
}

@misc{benyon2011,
	author = {Benyon, David},
	title = {Interação Humano-Computador. Tradução Heloísa Coimbra de Souza. Revisão técnica Illana de Almeida Souza Concílio},
	edition = {2. edição},
	publisher = {São Paulo: Pearson Prentice Hall},
	year = {2011},
}

@misc{dornelas2008,
    author   = {Dornelas, José Carlos Assis},
    year = {2008},
    address   = {Rio de Janeiro, RJ},
    title = {Empreendedorismo: Transformando ideias em negócios},
    language = {pt},
    edition = {3. edição},
    publisher = {Rio de Janeiro: Elsevier},
}

@misc{joseph1997,
    author   = {Schumpeter, Joseph Alois},
    year = {1997},
    address   = {São Paulo, SP},
    title = {Teoria do Desenvolvimento Econômico. Tradução: Maria Sílvia Possas. Título original: Theorie der Wirtschaftlichen Entwicklung. },
    language = {pt},
    publisher = {São Paulo: Nova Cultura},
}
