@COMMENT{
 Consulte o Capitulo02, item: tipos de referencias.
}

@misc{bervian2007a,
  author    = {Bervian, P.A. and Cervo, A.L. and Da Silva, R.},
  publisher = {São Paulo: Pearson Prentice Hall},
  title     = {Metodologia científica},
  year      = {2007},
  address   = {São Paulo},
  edition   = {6a},
  language  = {pt},
}

@misc{decreto1990a,
  author   = {Brasil},
  title    = {Decreto n. 99.710, de 21 de novembro de 1990. {P}romulga a convenção sobre os Direitos da Criança},
  year     = {1990a},
  address   = {Brasília, DF},
  language = {pt},
  url      = {http://www.planalto.gov.br/ccivil_03/decreto/1990-1994/d99710.htm},
  urlaccessdate = {14 set 2019},
}

@misc{estatuto1990a,
  author   = {Brasil},
  year = {1990b},
  address   = {Brasília, DF},
  title = {Lei n. 8.069, de 13 de julho de 1990. {D}ispõe sobre o Estatuto da Criança e do Adolescente e dá outras providências},
  url = {http://www.planalto.gov.br/ccivil_03/leis/L8069.htm},
  urlaccessdate = {14 set 2019},
  language = {pt},
}

@misc{documento2018,
  author = {Brasil},
  year = {2018},
  title = {Ministério dos Direitos Humanos, Secretaria Nacional de Proteção dos Direitos da Criança e Adolescente. Crianças Desaparecidas: políticas públicas existentes e propostas de aprimoramento},
  language = {pt},
  address = {Documento eletrônico -- Brasília, DF},
  url = {https://bibliotecadigital.mdh.gov.br/jspui/handle/192/789}, 
  urlaccessdate = {14 set 2019},
}


@misc{Abedi2014,
	author = {Abedi, Z. and Saber, M. and Vojoudi, S. and Mahdavi, V. and Parsaeyan, E.},
	title = {{A}cute, sublethal, and combination effects of azadirachtin and {B}acillus thuringiensis on the cotton bollworm, {H}elicoverpa armigera},
	journal = {J. Insect Sci.},
	volume = {14},
	pages = {30-37},
	year = {2014}
}

@misc{Agaisse1995,
	author = {Agaisse, H. and Lereclus, D.},
	title = {{H}ow does {B}acillus thuringiensis produce so much insecticidal crystal protein?},
	journal = {J. Bacteriol.},
	volume = {177},
	number = {21},
	pages = {6027-6032},
	year = {1995}
}

@misc{Agaisse1996a,
	author = {Agaisse, H. and Lereclus, D.},
	title = {How did construct a bacillus test?},
	journal = {J. Bacteriol.},
	volume = {177},
	number = {21},
	pages = {6027-6032},
	year = {1996a}
}

@misc{Agaisse1996b,
	author = {Agaisse, H. and Lereclus, D.},
	title = {{H}ow does {B}acillus tested?},
	journal = {J. Bacteriol.},
	volume = {177},
	number = {21},
	pages = {6027-6032},
	year = {1996b}
}

@misc{AgapitoTenfen2014,
	author = {Agapito-Tenfen, S. Z. and Vilperte, V. and Benevenuto, R. F. and Rover, C. M. and Traavik, T. I. and Nodari, R. O.},
	title = {{E}ffect of stacking insecticidal cry and herbicide tolerance epsps transgenes on transgenic maize proteome},
	journal = {BMC Plant Biol},
	volume = {14},
	pages = {346},
	year = {2014}
}

@book{Nelson2014,
	author = {Nelson, David L. and Cox, Michael M.},
	title = {{P}rincípios de {B}ioquímica de {L}ehninger},
	publisher = {Artmed},
	address = {Porto Alegre},
	edition = {6},
	pages = {1328},
	year = {2014}
}

@misc{Baum2016,
	author = {Crickmore, N. and Baum, J. and Bravo, A. and Lereclus, D. and Narva, K. and Sampson, K. and Schnepf, E. and Sun, M. and Zeigler, D.R.},
	title = {{B}acillus thuringiensis toxin nomenclature},
	year = {2016},
	url = {http://www.btnomenclature.info},
	urlaccessdate = {04 de out. de 2016}
}
